<record><leader>00000cas a2200000 a 4500</leader><controlfield tag="001">39342644</controlfield><controlfield tag="008">980624d19391968miuwr n       0    0eng c</controlfield><datafield ind1=" " ind2=" " tag="010"><subfield code="a">sn 98066126 </subfield></datafield><datafield ind1=" " ind2=" " tag="040"><subfield code="a">MHN</subfield><subfield code="b">eng</subfield><subfield code="c">MHN</subfield><subfield code="d">OCL</subfield><subfield code="d">OCLCQ</subfield><subfield code="d">MHN</subfield><subfield code="d">OCLCQ</subfield><subfield code="d">OCLCF</subfield><subfield code="d">OCLCO</subfield></datafield><datafield ind1="1" ind2=" " tag="029"><subfield code="a">AU@</subfield><subfield code="b">000014094695</subfield></datafield><datafield ind1=" " ind2=" " tag="042"><subfield code="a">pcc</subfield></datafield><datafield ind1=" " ind2=" " tag="043"><subfield code="a">n-us-mi</subfield></datafield><datafield ind1="0" ind2="4" tag="245"><subfield code="a">The enterprise-roman and the legal times.</subfield></datafield><datafield ind1="1" ind2="7" tag="246"><subfield code="a">Enterprise-roman</subfield></datafield><datafield ind1=" " ind2=" " tag="260"><subfield code="a">Belleville, Mich. :</subfield><subfield code="b">Beard Newspaper Pub. Co.</subfield></datafield><datafield ind1=" " ind2=" " tag="300"><subfield code="a">v.</subfield></datafield><datafield ind1=" " ind2=" " tag="310"><subfield code="a">Weekly</subfield></datafield><datafield ind1="0" ind2=" " tag="362"><subfield code="a">53rd yr., no. 1 (Mar. 3, 1939)-83rd. yr., no. 39 (Dec. 31, 1968).</subfield></datafield><datafield ind1=" " ind2=" " tag="500"><subfield code="a">Title varies.</subfield></datafield><datafield ind1=" " ind2=" " tag="580"><subfield code="a">Formed by the union of: Belleville enterprise, and: Romulus roman, and: Legal times &lt;title uncertain&gt;.</subfield></datafield><datafield ind1=" " ind2="0" tag="651"><subfield code="a">Belleville (Mich.)</subfield><subfield code="v">Newspapers.</subfield></datafield><datafield ind1=" " ind2="0" tag="651"><subfield code="a">Wayne County (Mich.)</subfield><subfield code="v">Newspapers.</subfield></datafield><datafield ind1=" " ind2="7" tag="655"><subfield code="a">Newspapers.</subfield><subfield code="2">fast</subfield><subfield code="0">(OCoLC)fst01423814</subfield></datafield><datafield ind1=" " ind2="7" tag="651"><subfield code="a">Michigan</subfield><subfield code="z">Belleville.</subfield><subfield code="2">fast</subfield><subfield code="0">(OCoLC)fst01231982</subfield></datafield><datafield ind1=" " ind2="7" tag="651"><subfield code="a">Michigan</subfield><subfield code="z">Wayne County.</subfield><subfield code="2">fast</subfield><subfield code="0">(OCoLC)fst01206628</subfield></datafield><datafield ind1=" " ind2=" " tag="752"><subfield code="a">United States</subfield><subfield code="b">Michigan</subfield><subfield code="c">Wayne</subfield><subfield code="d">Belleville.</subfield></datafield><datafield ind1="1" ind2="4" tag="780"><subfield code="t">Belleville enterprise</subfield><subfield code="w">(DLC)sn 98066127</subfield><subfield code="w">(OCoLC)38932285</subfield></datafield><datafield ind1="1" ind2="4" tag="780"><subfield code="t">Romulus roman</subfield><subfield code="w">(DLC)sn 98066329</subfield><subfield code="w">(OCoLC)39383141</subfield></datafield><datafield ind1="1" ind2="4" tag="780"><subfield code="t">Legal times</subfield></datafield><datafield ind1="0" ind2="6" tag="785"><subfield code="t">Romulus roman (Romulus, Mich.)</subfield></datafield><datafield ind1="0" ind2="6" tag="785"><subfield code="t">Belleville enterprise (Belleville, Mich.)</subfield><subfield code="w">(DLC)  2004060107</subfield><subfield code="w">(OCoLC)55755268</subfield></datafield></record>